<collection xmlns="http://www.loc.gov/MARC21/slim">
   <record>
      <leader>04269nam a2200505 i 4500</leader>
      <controlfield tag="001">6742018</controlfield>
      <controlfield tag="005">20141120143509.0</controlfield>
      <controlfield tag="006">m    eo  d        </controlfield>
      <controlfield tag="007">cr cn |||m|||a</controlfield>
      <controlfield tag="008">141120s2015    caua   foab   000 0 eng d</controlfield>
      <datafield ind1=" " ind2=" " tag="020">
         <subfield code="a">9781627055598</subfield>
         <subfield code="q">ebook</subfield>
      </datafield>
      <datafield ind1=" " ind2=" " tag="020">
         <subfield code="z">9781627055581</subfield>
         <subfield code="q">print</subfield>
      </datafield>
      <datafield ind1="7" ind2=" " tag="024">
         <subfield code="a">10.2200/S00597ED1V01Y201409HCI024</subfield>
         <subfield code="2">doi</subfield>
      </datafield>
      <datafield ind1=" " ind2=" " tag="035">
         <subfield code="a">ocn896434778</subfield>
      </datafield>
      <datafield ind1=" " ind2=" " tag="039">
         <subfield code="a">exclude</subfield>
      </datafield>
      <datafield ind1=" " ind2=" " tag="040">
         <subfield code="a">CaBNVSL</subfield>
         <subfield code="b">eng</subfield>
         <subfield code="e">rda</subfield>
         <subfield code="c">CaBNVSL</subfield>
         <subfield code="d">CaBNVSL</subfield>
         <subfield code="d">AEU</subfield>
      </datafield>
      <datafield ind1=" " ind2="4" tag="050">
         <subfield code="a">NK1110</subfield>
         <subfield code="b">.H653 2015</subfield>
      </datafield>
      <datafield ind1="0" ind2="4" tag="082">
         <subfield code="a">701.17</subfield>
         <subfield code="2">23</subfield>
      </datafield>
      <datafield ind1=" " ind2=" " tag="090">
         <subfield code="a">Internet Access</subfield>
         <subfield code="b">AEU</subfield>
      </datafield>
      <datafield ind1="1" ind2=" " tag="100">
         <subfield code="a">Holtzblatt, Karen.,</subfield>
         <subfield code="e">author.</subfield>
         <subfield code="0">http://id.loc.gov/authorities/names/n97077994</subfield>
         <subfield code="0">http://viaf.org/viaf/166501941</subfield>
      </datafield>
      <datafield ind1="1" ind2="0" tag="245">
         <subfield code="a">Contextual design :</subfield>
         <subfield code="b">evolved /</subfield>
         <subfield code="c">Karen Holtzblatt and Hugh Beyer.</subfield>
      </datafield>
      <datafield ind1=" " ind2="1" tag="264">
         <subfield code="a">San Rafael, California (1537 Fourth Street, San Rafael, CA  94901 USA) :</subfield>
         <subfield code="b">Morgan &amp; Claypool,</subfield>
         <subfield code="c">2015.</subfield>
      </datafield>
      <datafield ind1=" " ind2=" " tag="300">
         <subfield code="a">1 online resource (xi, 79 pages) :</subfield>
         <subfield code="b">illustrations.</subfield>
      </datafield>
      <datafield ind1=" " ind2=" " tag="336">
         <subfield code="a">text</subfield>
         <subfield code="2">rdacontent</subfield>
         <subfield code="0">http://id.loc.gov/vocabulary/contentTypes/txt</subfield>
      </datafield>
      <datafield ind1=" " ind2=" " tag="337">
         <subfield code="a">electronic</subfield>
         <subfield code="2">isbdmedia</subfield>
      </datafield>
      <datafield ind1=" " ind2=" " tag="338">
         <subfield code="a">online resource</subfield>
         <subfield code="2">rdacarrier</subfield>
         <subfield code="0">http://id.loc.gov/vocabulary/carriers/cr</subfield>
      </datafield>
      <datafield ind1="1" ind2=" " tag="490">
         <subfield code="a">Synthesis lectures on human-centered informatics,</subfield>
         <subfield code="x">1946-7699 ;</subfield>
         <subfield code="v"># 24</subfield>
      </datafield>
      <datafield ind1=" " ind2=" " tag="500">
         <subfield code="a">Part of: Synthesis digital library of engineering and computer science.</subfield>
      </datafield>
      <datafield ind1=" " ind2=" " tag="504">
         <subfield code="a">Includes bibliographical references (page 75).</subfield>
      </datafield>
      <datafield ind1="0" ind2=" " tag="505">
         <subfield code="a">1. Introduction -- 2. Design for life -- 3. Field research: data collection and interpretation -- 3.1 Contextual inquiry -- 3.1.1 Running an interview -- 3.2 Interpretation sessions -- 4. Consolidation and ideation: the bridge to design -- 4.1 Data consolidation -- 4.1.1 The affinity diagram -- 4.2 Contextual design models -- 4.3 Ideation -- 4.3.1 The visioning workshop -- 4.3.2 The cool drilldown -- 5. Detailed design and validation -- 5.1 Interaction design patterns -- 5.2 Storyboarding -- 5.3 The user environment design -- 5.4 Testing and iteration -- 6. Conclusion -- References -- Author biographies.</subfield>
      </datafield>
      <datafield ind1=" " ind2=" " tag="506">
         <subfield code="a">Access restricted to authorized users and institutions.</subfield>
      </datafield>
      <datafield ind1="3" ind2=" " tag="520">
         <subfield code="a">Contextual Design is a user-centered design process that uses in-depth field research to drive innovative design. Contextual Design was first invented in 1988 and has since been used in a wide variety of industries and taught in universities all over the world. It is a complete front-end design process rooted in Contextual Inquiry, the widespread, industry-standard field data gathering technique. Contextual Design adds techniques to analyze and present user data, drive ideation from data, design specific product solutions, and iterate those solutions with customers. In 2013, we overhauled the method to account for the way that technology has radically changed people's lives since the invention of the touchscreen phones and other always-on, always-connected, and always-carried devices. This book describes the new Contextual Design, evolved to help teams design for the way technology now fits into peoples' lives. We briefly describe the steps of the latest version of Contextual Design and show how they create a continual immersion in the world of the user for the purpose of innovative product design.</subfield>
      </datafield>
      <datafield ind1=" " ind2=" " tag="588">
         <subfield code="a">Title from PDF title page (viewed on November 20, 2014).</subfield>
      </datafield>
      <datafield ind1=" " ind2=" " tag="596">
         <subfield code="a">44</subfield>
      </datafield>
      <datafield ind1=" " ind2="0" tag="650">
         <subfield code="a">Design</subfield>
         <subfield code="x">Human factors.</subfield>
         <subfield code="0">http://id.loc.gov/authorities/subjects/sh2002004502</subfield>
      </datafield>
      <datafield ind1=" " ind2="0" tag="650">
         <subfield code="a">Human engineering.</subfield>
         <subfield code="0">http://id.loc.gov/authorities/subjects/sh85062867</subfield>
      </datafield>
      <datafield ind1=" " ind2="0" tag="650">
         <subfield code="a">Human-computer interaction.</subfield>
         <subfield code="0">http://id.loc.gov/authorities/subjects/sh88003229</subfield>
      </datafield>
      <datafield ind1="1" ind2=" " tag="700">
         <subfield code="a">Beyer, Hugh.,</subfield>
         <subfield code="e">author.</subfield>
         <subfield code="0">http://id.loc.gov/authorities/names/n97077992</subfield>
         <subfield code="0">http://viaf.org/viaf/23885570</subfield>
      </datafield>
      <datafield ind1=" " ind2=" " tag="758">
         <subfield code="0">http://worldcat.org/entity/work/id/3374939035</subfield>
      </datafield>
      <datafield ind1="0" ind2=" " tag="787">
         <subfield code="n">OCLC Work Id</subfield>
         <subfield code="o">http://worldcat.org/entity/work/id/3374939035</subfield>
      </datafield>
      <datafield ind1=" " ind2="0" tag="830">
         <subfield code="a">Synthesis digital library of engineering and computer science.</subfield>
         <subfield code="0">http://id.loc.gov/authorities/names/n2016188085</subfield>
      </datafield>
      <datafield ind1=" " ind2="0" tag="830">
         <subfield code="a">Synthesis lectures on human-centered informatics ;</subfield>
         <subfield code="v"># 24.</subfield>
         <subfield code="x">1946-7699</subfield>
      </datafield>
      <datafield ind1="4" ind2="0" tag="856">
         <subfield code="3">University of Alberta Access</subfield>
         <subfield code="u">http://dx.doi.org/10.2200/S00597ED1V01Y201409HCI024</subfield>
      </datafield>
      <datafield ind1=" " ind2=" " tag="949">
         <subfield code="h">UAIN</subfield>
         <subfield code="z">SYNTHDIG</subfield>
      </datafield>
      <datafield ind1=" " ind2=" " tag="926">
         <subfield code="a">Internet Access</subfield>
         <subfield code="w">LC</subfield>
         <subfield code="c">1</subfield>
         <subfield code="i">6742018-1001</subfield>
         <subfield code="l">INTERNET</subfield>
         <subfield code="m">UAINTERNET</subfield>
         <subfield code="r">Y</subfield>
         <subfield code="s">Y</subfield>
         <subfield code="t">E-RESOURCE</subfield>
         <subfield code="u">11/25/2014</subfield>
         <subfield code="x">E-BOOK</subfield>
         <subfield code="z">SYNTHDIG</subfield>
      </datafield>
   </record>
</collection>
